@article{mccarney2007hawthorne,
  title={The Hawthorne Effect: a randomised, controlled trial},
  author={McCarney, Rob and Warner, James and Iliffe, Steve and van Haselen, Robbert and Griffin, Mark and Fisher, Peter},
  journal={BMC medical research methodology},
  volume={7},
  number={1},
  pages={30},
  year={2007},
  publisher={BioMed Central Ltd}
}

@techreport{gee2005dynamic,
  title={Dynamic and interactive dimensional anchors for spring-based visualizations},
  author={Gee, Alexander G and Yu, Min and Grinstein, GG},
  year={2005},
  institution={Technical report, computer science, University of Massachussetts Lowell}
}

@inproceedings{Keim:2006:CVD:1153927.1154753,
 author = {Keim, Daniel A. and Mansmann, Florian and Schneidewind, Jorn and Ziegler, Hartmut},
 title = {Challenges in Visual Data Analysis},
 booktitle = {Proceedings of the Conference on Information Visualization},
 series = {IV '06},
 year = {2006},
 isbn = {0-7695-2602-0},
 pages = {9--16},
 numpages = {8},
 url = {http://dx.doi.org/10.1109/IV.2006.31},
 doi = {10.1109/IV.2006.31},
 acmid = {1154753},
 publisher = {IEEE Computer Society},
 address = {Washington, DC, USA},
}

@article{rafferty2002physical,
  title={Physical activity patterns among walkers and compliance with public health recommendations.},
  author={Rafferty, Ann P and Reeves, Mathew J and McGee, Harry B and Pivarnik, JAMES M},
  journal={Medicine and Science in Sports and Exercise},
  volume={34},
  number={8},
  pages={1255--1261},
  year={2002}
}

@inproceedings{khot2014understanding,
  title={Understanding physical activity through 3D printed material artifacts},
  author={Khot, Rohit Ashok and Hjorth, Larissa and Mueller, Florian'Floyd'},
  booktitle={Proceedings of the 32nd annual ACM conference on Human factors in computing systems},
  pages={3835--3844},
  year={2014},
  organization={ACM}
}

@inproceedings{rolland2012commerce,
  title={E-commerce and web 3D for involving the customer in the design process: the case of a gates 3D configurator},
  author={Rolland, Romain and Yvain, Etienne and Christmann, Olivier and Loup-Escande, Emilie and Richir, Simon},
  booktitle={Proceedings of the 2012 Virtual Reality International Conference},
  pages={25},
  year={2012},
  organization={ACM}
}

@article{nelson1970study,
  title={A study to determine the biomechanics of running in skilled trackmen},
  author={Nelson, RC},
  journal={US Department of Health, Education, and Welfare},
  year={1970}
}




